@misc{DCdriver,
  title = {{MD10C DCdriver},
  url = {https://www.cytron.io/p-10amp-5v-30v-dc-motor-driver}}}

@report{Relazione1,
author = {{Autore1,  Autore2}},
title = {Titolo relazione},
note = {Relazione corso Laboratorio di Automazione},
year = {2022-2023},
}
